@article{ linuxjournal_dht,
       author = "Brandon Wiley",
       title = "Distributed Hash Tables, Part 1",
       journal = "Linux Journal",
       month = "October",
       year = "2003",
       note = "\url{http://www.linuxjournal.com/article/6797}",
}

@article{Balakrishnan:2003:LUD:606272.606299,
 author = {Balakrishnan, Hari and Kaashoek, M. Frans and Karger, David and Morris, Robert and Stoica, Ion},
 title = {Looking Up Data in P2P Systems},
 journal = {Commun. ACM},
 issue_date = {February 2003},
 volume = {46},
 number = {2},
 month = feb,
 year = {2003},
 issn = {0001-0782},
 pages = {43--48},
 numpages = {6},
 url = {http://doi.acm.org/10.1145/606272.606299},
 doi = {10.1145/606272.606299},
 acmid = {606299},
 publisher = {ACM},
 address = {New York, NY, USA},
}

@misc{ chord,
       author = "Frank Dabek and Emma Brunskill and M. Frans Kaashoek and David
           Karger and Robert Morris and Ion Stoica and Hari Balakrishnan",
       title = "Building Peer-to-Peer Systems With Chord, a Distributed Lookup
           Service",
       year = "",
       howpublished = "\url{https://pdos.csail.mit.edu/papers/chord:hotos01/hotos8.pdf}",
       note = "MIT Laboratory for Computer Science"
}

@misc{ rocks,
       title = "Rocks Clusters: About",
       howpublished = "\url{http://www.rocksclusters.org/wordpress/?page_id=57}",
}

@misc{ parallel,
       author = "Barry Wilkinson and Michael Allen",
       title = "Parallel Programming: Techniques and Applications Using Networked Workstations and Parallel Computers",
       year = "",
       howpublished = "",
       note = ""
}
