@article{ linuxjournal_dht,
       author = "Brandon Wiley",
       title = "Distributed Hash Tables, Part 1",
       journal = "Linux Journal",
       month = "October",
       year = "2003",
       note = "\url{http://www.linuxjournal.com/article/6797}",
}

@misc{ citation2,
       author = "Frank Dabek and Emma Brunskill and M. Frans Kaashoek and David
           Karger and Robert Morris and Ion Stoica and Hari Balakrishnan",
       title = "Building Peer-to-Peer Systems With Chord, a Distributed Lookup
           Service",
       year = "",
       howpublished = "\url{https://pdos.csail.mit.edu/papers/chord:hotos01/hotos8.pdf}",
       note = "MIT Laboratory for Computer Science"
}

@misc{ citation3,
       author = "Barry Wilkinson and Michael Allen",
       title = "Parallel Programming: Techniques and Applications Using Networked Workstations and Parallel Computers",
       year = "",
       howpublished = "",
       note = ""
}

@misc{ citation4,
       author = "",
       title = "Application Design Patterns: Master/Slave",
       year = "2006",
       howpublished = "\url{http://www.ni.com/white-paper/3022/en/}",
       note = ""
}
